[gd_scene load_steps=20 format=3 uid="uid://b8vyarkb4t48i"]

[ext_resource type="Script" path="res://ennemies/racoon.gd" id="1_3abt3"]
[ext_resource type="Texture2D" uid="uid://itlcgxwpecw0" path="res://assets/monsters/SpriteSheet.png" id="1_hxloq"]

[sub_resource type="AtlasTexture" id="AtlasTexture_lk47p"]
atlas = ExtResource("1_hxloq")
region = Rect2(0, 0, 16, 16)

[sub_resource type="AtlasTexture" id="AtlasTexture_q0tto"]
atlas = ExtResource("1_hxloq")
region = Rect2(0, 16, 16, 16)

[sub_resource type="AtlasTexture" id="AtlasTexture_s11d0"]
atlas = ExtResource("1_hxloq")
region = Rect2(0, 32, 16, 16)

[sub_resource type="AtlasTexture" id="AtlasTexture_s3pjc"]
atlas = ExtResource("1_hxloq")
region = Rect2(0, 48, 16, 16)

[sub_resource type="AtlasTexture" id="AtlasTexture_vpqod"]
atlas = ExtResource("1_hxloq")
region = Rect2(32, 0, 16, 16)

[sub_resource type="AtlasTexture" id="AtlasTexture_reqo1"]
atlas = ExtResource("1_hxloq")
region = Rect2(32, 16, 16, 16)

[sub_resource type="AtlasTexture" id="AtlasTexture_stmi6"]
atlas = ExtResource("1_hxloq")
region = Rect2(32, 32, 16, 16)

[sub_resource type="AtlasTexture" id="AtlasTexture_oyubw"]
atlas = ExtResource("1_hxloq")
region = Rect2(32, 48, 16, 16)

[sub_resource type="AtlasTexture" id="AtlasTexture_sxi2f"]
atlas = ExtResource("1_hxloq")
region = Rect2(48, 0, 16, 16)

[sub_resource type="AtlasTexture" id="AtlasTexture_ow4ii"]
atlas = ExtResource("1_hxloq")
region = Rect2(48, 16, 16, 16)

[sub_resource type="AtlasTexture" id="AtlasTexture_gvlfu"]
atlas = ExtResource("1_hxloq")
region = Rect2(48, 32, 16, 16)

[sub_resource type="AtlasTexture" id="AtlasTexture_g2keq"]
atlas = ExtResource("1_hxloq")
region = Rect2(48, 48, 16, 16)

[sub_resource type="AtlasTexture" id="AtlasTexture_tkhgc"]
atlas = ExtResource("1_hxloq")
region = Rect2(16, 0, 16, 16)

[sub_resource type="AtlasTexture" id="AtlasTexture_24gex"]
atlas = ExtResource("1_hxloq")
region = Rect2(16, 16, 16, 16)

[sub_resource type="AtlasTexture" id="AtlasTexture_dplw3"]
atlas = ExtResource("1_hxloq")
region = Rect2(16, 32, 16, 16)

[sub_resource type="AtlasTexture" id="AtlasTexture_yhf2i"]
atlas = ExtResource("1_hxloq")
region = Rect2(16, 48, 16, 16)

[sub_resource type="SpriteFrames" id="SpriteFrames_ksn0f"]
animations = [{
"frames": [{
"duration": 1.0,
"texture": SubResource("AtlasTexture_lk47p")
}, {
"duration": 1.0,
"texture": SubResource("AtlasTexture_q0tto")
}, {
"duration": 1.0,
"texture": SubResource("AtlasTexture_s11d0")
}, {
"duration": 1.0,
"texture": SubResource("AtlasTexture_s3pjc")
}],
"loop": true,
"name": &"walkDown",
"speed": 10.0
}, {
"frames": [{
"duration": 1.0,
"texture": SubResource("AtlasTexture_vpqod")
}, {
"duration": 1.0,
"texture": SubResource("AtlasTexture_reqo1")
}, {
"duration": 1.0,
"texture": SubResource("AtlasTexture_stmi6")
}, {
"duration": 1.0,
"texture": SubResource("AtlasTexture_oyubw")
}],
"loop": true,
"name": &"walkLeft",
"speed": 10.0
}, {
"frames": [{
"duration": 1.0,
"texture": SubResource("AtlasTexture_sxi2f")
}, {
"duration": 1.0,
"texture": SubResource("AtlasTexture_ow4ii")
}, {
"duration": 1.0,
"texture": SubResource("AtlasTexture_gvlfu")
}, {
"duration": 1.0,
"texture": SubResource("AtlasTexture_g2keq")
}],
"loop": true,
"name": &"walkRight",
"speed": 10.0
}, {
"frames": [{
"duration": 1.0,
"texture": SubResource("AtlasTexture_tkhgc")
}, {
"duration": 1.0,
"texture": SubResource("AtlasTexture_24gex")
}, {
"duration": 1.0,
"texture": SubResource("AtlasTexture_dplw3")
}, {
"duration": 1.0,
"texture": SubResource("AtlasTexture_yhf2i")
}],
"loop": true,
"name": &"walkUp",
"speed": 10.0
}]

[node name="racoon" type="CharacterBody2D"]
script = ExtResource("1_3abt3")

[node name="AnimatedSprite2D" type="AnimatedSprite2D" parent="."]
sprite_frames = SubResource("SpriteFrames_ksn0f")
animation = &"walkDown"
